<?xml version="1.0" encoding="UTF-8"?><collection xmlns="http://www.loc.gov/MARC21/slim"><record><leader>00583nam--2200205-i-4500</leader><controlfield tag="001">000033216</controlfield><controlfield tag="002">20161230</controlfield><controlfield tag="005">20161230201039</controlfield><controlfield tag="008">060222s1000------------r-----000-0-eng-d</controlfield><datafield ind1=" " ind2=" " tag="020"><subfield code="a">0471613134</subfield></datafield><datafield ind1=" " ind2=" " tag="040"><subfield code="a">IFIN-HH</subfield></datafield><datafield ind1=" " ind2=" " tag="080"><subfield code="a">535.33-1</subfield></datafield><datafield ind1="1" ind2=" " tag="100"><subfield code="a">Moller, Karl Dieter</subfield></datafield><datafield ind1="1" ind2="0" tag="245"><subfield code="a">Far-infrared spectroscopy</subfield><subfield code="c">Karl dieter moller; walter g. rothschild</subfield></datafield><datafield ind1=" " ind2=" " tag="260"><subfield code="a">TORONTO</subfield><subfield code="b">Wiley-interscience</subfield><subfield code="c">1971</subfield></datafield><datafield ind1=" " ind2=" " tag="300"><subfield code="a">XIX + 797P</subfield></datafield><datafield ind1=" " ind2=" " tag="490"><subfield code="a">Wiley Series In Pure And Applied Optics</subfield></datafield><datafield ind1="1" ind2=" " tag="700"><subfield code="a">Rothschild, Walter G</subfield></datafield><datafield ind1=" " ind2=" " tag="852"><subfield code="a">34793</subfield><subfield code="c">535.33</subfield></datafield><datafield ind1=" " ind2=" " tag="CAT"><subfield code="a">Sys</subfield><subfield code="c">20101206</subfield><subfield code="h">100947</subfield></datafield></record></collection>